<?xml version="1.0" encoding="UTF-8"?><collection><record><leader>09277ntm a2200673 a 4500</leader><controlfield tag="001">006804589</controlfield><controlfield tag="003">MiAaHDL</controlfield><controlfield tag="005">20190719000000.0</controlfield><controlfield tag="006">m        d        </controlfield><controlfield tag="007">cr bn ---auaua</controlfield><controlfield tag="008">090528q18251875xx            00| ||per d</controlfield><datafield tag="035" ind1=" " ind2=" "><subfield code="a">(MiU)006804589</subfield></datafield><datafield tag="035" ind1=" " ind2=" "><subfield code="a">sdr-miu006804589</subfield></datafield><datafield tag="040" ind1=" " ind2=" "><subfield code="a">MiU</subfield><subfield code="c">MiU</subfield><subfield code="e">amremm</subfield></datafield><datafield tag="043" ind1=" " ind2=" "><subfield code="a">n-us-mi</subfield></datafield><datafield tag="100" ind1="0" ind2=" "><subfield code="6">880-01</subfield><subfield code="a">Abū Ṭālib Khān,</subfield><subfield code="d">1752-1806?</subfield></datafield><datafield tag="245" ind1="1" ind2="0"><subfield code="6">880-02</subfield><subfield code="a">[Khulāṣat al-afkār ... etc.,</subfield><subfield code="f">mid 19th century?].</subfield></datafield><datafield tag="246" ind1="3" ind2=" "><subfield code="6">880-04</subfield><subfield code="i">Edge title:</subfield><subfield code="a">Khulāṣat al-afkār</subfield></datafield><datafield tag="246" ind1="3" ind2=" "><subfield code="6">880-03</subfield><subfield code="i">Title from inscription on fol.1a (p.1):</subfield><subfield code="a">Taz̲kirah-i Khulāṣat al-afkār</subfield></datafield><datafield tag="260" ind1=" " ind2=" "><subfield code="c">[1825 to 1875?].</subfield></datafield><datafield tag="300" ind1=" " ind2=" "><subfield code="a">402 leaves :</subfield><subfield code="b">paper ;</subfield><subfield code="c">299 x 200 (218 x 134) mm. bound to 305 x 207 mm.</subfield></datafield><datafield tag="500" ind1=" " ind2=" "><subfield code="a">Shelfmark: Ann Arbor, University of Michigan, Special Collections Library, Isl. Ms. 269</subfield></datafield><datafield tag="500" ind1=" " ind2=" "><subfield code="a">Origin: Lacks dated colophon, but likely mid 19th century as suggested by paper. Opening matter on fol.2b (p.4) indicates that composition of main work was finished in 1207 [1792-1793].</subfield></datafield><datafield tag="500" ind1=" " ind2=" "><subfield code="a">Accompanying materials: a. envelope in blue wove paper printed in French, Ottoman Turkish, Greek and Armenian with the mark of a pharmacy in "مقری کوی" [Makrıköy, Istanbul] accompanied by inscription in ink, ruqʻah script with name, etc. "عزتلو اسمائل بك افندى ..." -- b. between fol.119-120 (p.238-239) a slip inscribed with names, etc. in black ink, Ottoman hand.</subfield></datafield><datafield tag="500" ind1=" " ind2=" "><subfield code="a">Binding: Heavy pasteboards covered in red orange leather ; Type III binding (without flap) ; board linings in blue-tinted, gold-flecked paper ; flyleaves in untinted (cream to dark cream) wove paper ; upper and lower covers bear simple tooled (with s-shaped stamp) and gold-painted outer border with inner rulings of gold-painted fillets ; sewn in pink-cream thread, two stations ; finely worked chevron endbands in yellow (soiled and faded to cream) and maroon ; in fair condition with some abrasion, staining, edge wear, gashes, etc. ; endbands in excellent condition ; cover still very well-attached to textblock despite the book's heft.</subfield></datafield><datafield tag="500" ind1=" " ind2=" "><subfield code="a">Support: European laid paper of at least two types [1] in opening quire, final quire, etc. vertical chain lines very evenly spaced at 25 mm. apart, any laid lines are too fine to be visible, dark cream, burnished ; watermarks include "PICARDO" with six petaled flower above, alternating with lion in scrollwork in other leaves (as in Heawood 3737, c.1825 Lisbon) and [2] in final folio, etc. chain lines vertical evenly spaced 29 mm. apart, laid lines horizontal spaced roughly 11 laid lines per cm., quite even and distinct, well-burnished, dark cream color ; watermarks include latin cross in minor scrollwork shield, initials "G B" below (final folio) ; in second to final folio "BELLANDO" ; in fourth to final folio "GRILLO" with figure on ball/pedestal (very similar to Heawood 1364-1365) above ; some burnishers marks ; pigment burn (especially blue in illuminated headpieces).</subfield></datafield><datafield tag="500" ind1=" " ind2=" "><subfield code="a">Decoration: Well-executed illuminated headpiece (ʻunwān) on fol.1b (p.2) consists of narrow rectangular piece with empty gold cartouche and flanking accents in gold, blue, red, and pink surmounted by tall scalloped semi-circular (dome) approaching w-shaped piece with intricate swirling floral vegetal pattern in black, blue, pink, red, green, yellow, orange, white, and gold on fields of blue and gold ; similar illuminated headpiece appears on fol.312b (p.624) ; on fol.314b (p.628) and fol.316b (p.632) small illuminated headpieces, mainly gold resembling elongated cartouche with flanking accent pieces in white, blue, pink, yellow and red ; on fol.339a (p.677) an illuminated headpiece consisting of narrow rectangular piece carrying the basmalah surmounted by a piece giving the effect of an inverted w-shaped piece with swirling floral vegetal pattern similar to that appearing in the first headpieces ; throughout, text is surrounded by a frame consisting of a heavy gold band outlined by black fillets, an inner gold band and an outer blue fillet and then at some distance a second frame consisting of a thin gold band outlined by black fillets ; various columns and other areas of the written area are delineated by a thin gold band outlined by black fillets ; on incipit and facing page, margin filled with a swirling floral vegetal pattern in black, gold, red, and green ; text rubricated with keywords, section headings, overlining, etc. in red ; decorative tables of contents appear in main work ; a few diagrams appear in main work and several in appended works, see for example diagrams in treatise on prosody (divided concentric circles fol.318b-320a/p.636-639 and tree-like forms fol.320b/p.640) and in historical work (figure of fol.352b/p.704 showing the planets through Saturn in their orbits around the sun and figure of fol.359b/p.718 showing the circle of the Earth divided to its inhabited and uninhabited quarters).</subfield></datafield><datafield tag="500" ind1=" " ind2=" "><subfield code="a">Script: Nastaʻlīq ; small, fine Persianate hand ; sans serif ; characteristic descent of words to baseline, superscript of final words/letters, letterforms, etc. ; tables of contents in the main work provided in an unpointed script (resembling siyāq / siyāqat), freely ligatured and with dramatic swooping tails.</subfield></datafield><datafield tag="500" ind1=" " ind2=" "><subfield code="a">Layout: Written in roughly 27 lines per page (though varies where tables of contents, figures, diagrams, etc. appear) ; mainly large single column, often divided to four columns where poetry appears but varies to accommodate tables of contents and figures ; frame-ruled (impression of ruling board quite evident).</subfield></datafield><datafield tag="500" ind1=" " ind2=" "><subfield code="a">Collation: i, 38 IV (304), III+1 (311), IV+1 (320), 4 IV (352), I (354), III (360), 5 IV (400), I (402), i ; chiefly quaternions ; a few gaps in the text on fol.349b (p.698) where rubrics appear to be lacking ; catchwords present ; pagination in pencil, Western numerals supplied during cataloguing.</subfield></datafield><datafield tag="500" ind1=" " ind2=" "><subfield code="a">Explicit: "يعقوب شاه بن يوسف شاه است كه در سنه نهصد و نود و پنج برد ست اكبرى عاجز شده بهند آمد ودر سلك امرا منتظم كشت ازان باز كشمير سلاطين دهلى تعلق داشت حالا در تصرف شاه ابدالى است الحمد لله رب العالمين كه اين رساله جامع صفت اختتام يافت"</subfield></datafield><datafield tag="500" ind1=" " ind2=" "><subfield code="a">Incipit: "لالى منشور سپاس و ستايش باستحقاق نثار دامن كبرياي [؟] ناظمى تواند بود كه بمحض قدرت كامله گوهر پمانند سخن و معاني در عقد الفاظ ولسان نسائي [؟] كشيد و جواهر ... اما بعد ابجد خوان دبستان يحمداني [؟] ابو طالب ابن مغفور حاجى محمد تبريزى الاصفهانى بعرض اهوش و كوش سالكان مسالك سخداني مير ساند ... "</subfield></datafield><datafield tag="500" ind1=" " ind2=" "><subfield code="a">Title supplied by cataloguer from opening matter (preface) on fol.2b (p.4).</subfield></datafield><datafield tag="500" ind1=" " ind2=" "><subfield code="a">Ms. codex.</subfield></datafield><datafield tag="505" ind1="0" ind2=" "><subfield code="a">7. fol.402a-402b : [blank].</subfield></datafield><datafield tag="505" ind1="0" ind2=" "><subfield code="a">6. fol. 339a-401b : لب السير و جهان نما.</subfield></datafield><datafield tag="505" ind1="0" ind2=" "><subfield code="a">5. fol. 321b-339a : رساله در مختصر قنون طب.</subfield></datafield><datafield tag="505" ind1="0" ind2=" "><subfield code="a">4. fol. 316b-321b : رساله در علم عروض و قافيه.</subfield></datafield><datafield tag="505" ind1="0" ind2=" "><subfield code="a">3. fol. 314b-316a : در مصطلحات مسيقى.</subfield></datafield><datafield tag="505" ind1="0" ind2=" "><subfield code="a">2. fol. 312b-314b : رساله در علم اخلاق.</subfield></datafield><datafield tag="505" ind1="0" ind2=" "><subfield code="a">1. fol. 1a-312a : خلاصة الافكار.</subfield></datafield><datafield tag="510" ind1="4" ind2=" "><subfield code="a">Bland, N. "On the earliest Persian biography of poets, by Muhammad Aúfi, and on some other works of the class called Tazkirat ul Shuârá," in Journal of the Royal Asiatic Society of Great Britain and Ireland v.9, 1848 (pp.111-176),</subfield><subfield code="c">in particular pp.153-158</subfield></datafield><datafield tag="510" ind1="4" ind2=" "><subfield code="a">Cat. Pers. MSS. Brit Mus.,</subfield><subfield code="c">p. 378</subfield></datafield><datafield tag="520" ind1="8" ind2=" "><subfield code="a">Fine copy of Abū Ṭālib Khān Tabrīzī Iṣfahānī's Khulāṣat al-afkār, a taz̲kirah with notices for Persian poets and extracts from their works, followed by his treatises on moral behavior, music, prosody, and medicine as well as his universal history, Lubb al-siyar va jahānʹnumā.</subfield></datafield><datafield tag="538" ind1=" " ind2=" "><subfield code="a">Mode of access: Internet.</subfield></datafield><datafield tag="541" ind1=" " ind2=" "><subfield code="c">Purchase ;</subfield><subfield code="a">Acquired by purchase (funds donated by Horace Rackham).</subfield><subfield code="d">1924.</subfield></datafield><datafield tag="546" ind1=" " ind2=" "><subfield code="a">Persian.</subfield></datafield><datafield tag="561" ind1=" " ind2=" "><subfield code="a">Former owners' marks include "420 T. De M. [i.e. Tammaro De Marinis]" in pencil on verso of front flyleaf and "10 / 5" in black ink on fol.1a (p.1) ; a few glosses, notabilia and marginal corrections, though fairly clean copy.</subfield></datafield><datafield tag="650" ind1=" " ind2="0"><subfield code="a">Manuscripts, Persian</subfield><subfield code="z">Michigan</subfield><subfield code="z">Ann Arbor.</subfield></datafield><datafield tag="650" ind1=" " ind2="0"><subfield code="a">Persian poetry</subfield><subfield code="v">Early works to 1800.</subfield></datafield><datafield tag="650" ind1=" " ind2="0"><subfield code="a">Poets, Persian</subfield><subfield code="v">Biography</subfield><subfield code="v">Early works to 1800.</subfield></datafield><datafield tag="655" ind1=" " ind2="7"><subfield code="a">Headpieces (layout features)</subfield><subfield code="y">19th century.</subfield><subfield code="2">aat</subfield></datafield><datafield tag="700" ind1="0" ind2=" "><subfield code="a">Abdülhamid</subfield><subfield code="b">II,</subfield><subfield code="c">Sultan of the Turks,</subfield><subfield code="d">1842-1918,</subfield><subfield code="e">former owner.</subfield></datafield><datafield tag="740" ind1="0" ind2="2"><subfield code="a">Lubb al-siyar va jahānʹnumā</subfield></datafield><datafield tag="773" ind1="0" ind2=" "><subfield code="a">Abdul Hamid Collection.</subfield></datafield><datafield tag="880" ind1="3" ind2=" "><subfield code="6">246-04/</subfield><subfield code="a">خلاصة الافكار</subfield></datafield><datafield tag="880" ind1="3" ind2=" "><subfield code="6">246-03/</subfield><subfield code="a">تذكره خلاصة الافكار</subfield></datafield><datafield tag="880" ind1="1" ind2="0"><subfield code="6">245-02/</subfield><subfield code="a">[خلاصة الافكار ... الخ,</subfield><subfield code="f">نیمه قرن 19م؟].</subfield></datafield><datafield tag="880" ind1="0" ind2=" "><subfield code="6">100-01/</subfield><subfield code="a">ابو طالب خان.</subfield></datafield><datafield tag="CID" ind1=" " ind2=" "><subfield code="a">006804589</subfield></datafield><datafield tag="DAT" ind1="0" ind2=" "><subfield code="a">20190719102636.0</subfield><subfield code="b">20190719000000.0</subfield></datafield><datafield tag="DAT" ind1="1" ind2=" "><subfield code="a">20190719090653.0</subfield><subfield code="b">2019-07-19T16:11:36Z</subfield></datafield><datafield tag="DAT" ind1="2" ind2=" "><subfield code="a">2015-10-10T18:00:06Z</subfield><subfield code="b">2014-03-05T21:00:03Z</subfield></datafield><datafield tag="CAT" ind1=" " ind2=" "><subfield code="a">SDR-MIU</subfield><subfield code="d">EX LIBRIS - ALEPH</subfield><subfield code="l">prepare.pl-004-008</subfield></datafield><datafield tag="FMT" ind1=" " ind2=" "><subfield code="a">BK</subfield></datafield><datafield tag="HOL" ind1=" " ind2=" "><subfield code="0">sdr-miu006804589</subfield><subfield code="a">MiU</subfield><subfield code="b">SDR</subfield><subfield code="c">MIU</subfield><subfield code="p">mdp.39015079126739</subfield><subfield code="s">MIU</subfield><subfield code="1">006804589</subfield></datafield><datafield tag="974" ind1=" " ind2=" "><subfield code="b">MIU</subfield><subfield code="c">MIU</subfield><subfield code="d">20190719</subfield><subfield code="s">lit-dlps-dc</subfield><subfield code="u">mdp.39015079126739</subfield><subfield code="y">1875</subfield><subfield code="r">pd</subfield><subfield code="q">exp</subfield></datafield></record></collection>